@Article{Franzo2020,
	author = {Franzo, S. and Nasca, A.},
	title = {The Environmental Impact of Electric Vehicles: A Novel Life Cycle-Based Evaluation Framework and its Applications to Multi-Country Scenarios.},
	journal = {Journal of Cleaner Production},
	year = {2020}
}

@Article{Flexer2018,
	author = {Flexer, Victoria and Baspineiro, Celso Fernando and Galli, Claudia Inés},
	title = {Lithium recovery from brines: A vital raw material for green energies with a potential environmental impact in its mining and processing},
	journal = {Science of the Total Environment},
	year = {2018},
}

@Misc{Mercedes2022,
	author = {Mercedes-Benz},
	title = {Acceleration Increase},
	url = {https://shop.mbusa.com/en-us/connect/pdp/Acceleration-Increase/709},
	year = {2022}
}

@Article{Ferris2017,
	author = {Ferris, Robert},
	title = {Audi expanding production of ‘sustainable’ diesel made from water and carbon dioxide},
	journal = {CNBC},
	year = {2017},
	key = {https://www.cnbc.com/2017/11/08/audi-expanding-output-of-sustainable-diesel-fuel.html}
}
@Book{Simakov2017,
	author = {Simakov, David S.A.},
	title = {Renewable Synthetic Fuels and Chemicals from Carbon Dioxide},
	publisher = {Springer},
	year = {2017},
	series = {Springer Briefs In Energy}
}

@Book{Maurice2022,
	author = {Maurice, N.},
	title = {Food Waste to Green Fuel: Trend and Development},
	publisher = {Springer},
	year = {2022},
	series = {Clean Energy Production Technologies}
}

@Article{Gupta2010,
	author = {Gupta, R. B. and Demirbas, A.},
	title = {Gasoline, diesel, and ethanol biofuels from grasses and plants},
	journal = {Cambridge University Press},
	year = {2010},
	pages = {183-193},
}

@Article{Ahmad2014,
	author = {Ahmad Mohammadshirazi and Asadolah Akram and Shahin Rafiee and Elnaz Bagheri Kalhor},
	title = {Energy and cost analyses of biodiesel production from waste cooking oil},
	journal ={Renewable and Sustainable Energy Reviews},
	year = {2014},
}


