@article{Flexer2018,
	author = {Flexer, Victoria and Baspineiro, Celso Fernando and Galli, Claudia In√©s},
	title = {Lithium recovery from brines: A vital raw material for green energies with a potential environmental impact in its mining and processing},
	journaltitle = {Science of the Total Environment},
	date = {2018}
}

@article{Franzo2020,
	author = {Franzo, S. and Nasca, A.},
	title = {The Environmental Impact of Electric Vehicles: A Novel Life Cycle-Based Evaluation Framework and its Applications to Multi-Country Scenarios.},
	journaltitle = {Journal of Cleaner Production},
	date = {2020},
	OPTtranslator = {translator},
	OPTannotator = {annotator},
	OPTcommentator = {commentator},
	OPTsubtitle = {subtitle},
	OPTtitleaddon = {titleaddon},
	OPTeditor = {editor},
	OPTeditora = {editora},
	OPTeditorb = {editorb},
	OPTeditorc = {editorc},
	OPTjournalsubtitle = {journalsubtitle},
	OPTissuetitle = {issuetitle},
	OPTissuesubtitle = {issuesubtitle},
	OPTlanguage = {language},
	OPToriglanguage = {origlanguage},
	OPTseries = {series},
	OPTvolume = {volume},
	OPTnumber = {number},
	OPTeid = {eid},
	OPTissue = {issue},
	OPTmonth = {month},
	OPTpages = {pages},
	OPTversion = {version},
	OPTnote = {note},
	OPTissn = {issn},
	OPTaddendum = {addendum},
	OPTpubstate = {pubstate},
	OPTdoi = {doi},
	OPTeprint = {eprint},
	OPTeprintclass = {eprintclass},
	OPTeprinttype = {eprinttype},
	OPTurl = {url},
	OPTurldate = {urldate},
}

