@online{Transformer,
	author = {Padmavahini Transformers},
	title = {Step-up Transformer Working and Specification - Manufacturers and Exporters},
	date = {2013},
	year = {2013},
	url = {https://padmavahini-powertransformers.blogspot.com/2013/04/step-up-transformer-working.html}
}

@book{Yang2019,
	author = {Deren Yang},
	title = {Handbook of Photovoltaic Silicon},
	date = {2019},
	year = {2019}
	editor = {Deren Yang},
	edition = {1},
	publisher = {Springer},
	OPTlocation = {Berlin},
	doi = {10.1007/978-3-662-56472-1}
}

@book{Luque2011,
	author = {Antonio Luque and Steven Hegedus},
	title = {Handbook of Solar Photovoltaic Science},
	date = {2011},
	year = {2011},
	edition = {2},
	publisher = {Wiley},
	location = {Chichester, West Sussex, U.K}
}

@book{Stapleton2011,
	author = {Geoff Stapleton},
	title = {Grid-Connected Solar Electric Systems : The Earthscan Expert Handbook for Planning, Design and Installation},
	year = {2011}

